@online{mazunte_oaxaca,
    author        = {SECTUR,Gobierno de Oaxaca},
    title         = {Cédula turística Mazunte},
    year          = {2020},
    url           = {https://www.oaxaca.gob.mx/sectur/wp-content/uploads/sites/65/2020/12/66.-Cedula-turistica-Mazunte-ok.pdf}
}

@article{cangrejo_azul,
    author        = {Ovilla, J.L.},
    title         = {Aspectos biológicos de Cardisoma crassum Cangrejo Azul o Mazunte. Propuesta de acciones a seguir para la evaluación de su estado de conservación y su posterior recuperación poblacional},
    year          = {2021}
}

@article{caso_museo_mazunte,
    author        = {Mohedano, L.F.},
    title         = {EL TURISMO REGENERATIVO, FACTOR FUNDAMENTAL PARA LA CONSERVACIÓN Y RECUPERACIÓN DEL PATRIMONIO PAISAJÍSTICO. Caso Museo Mazunte: Acción social para restaurar la Biodiversidad.},
    year          = {S/F}
}

@online{intro_radio_tel,
    author = {Yellow Stone Grizzly project, University of Wisconsin Stevens Point},
    title = {Introduction to radio-telemetry and wildlife tracking},
    year = {S/F},
    url = {http://www.yellowstonegrizzlyproject.org/radio-telemetry-and-wildlife-tracking.html}
}